<?xml version="1.0" encoding="UTF-8"?><record xmlns="http://www.loc.gov/MARC21/slim" xmlns:cinclude="http://apache.org/cocoon/include/1.0" xmlns:zs="http://www.loc.gov/zing/srw/">
  <leader>00521cz  a2200169n  4500</leader>
  <controlfield tag="001">n  82012013 </controlfield>
  <controlfield tag="003">DLC</controlfield>
  <controlfield tag="005">20090108075405.0</controlfield>
  <controlfield tag="008">820315n| acannaabn          |a ana      </controlfield>
  <datafield tag="010" ind1=" " ind2=" ">
    <subfield code="a">n  82012013 </subfield>
  </datafield>
  <datafield tag="035" ind1=" " ind2=" ">
    <subfield code="a">(OCoLC)oca00709287</subfield>
  </datafield>
  <datafield tag="040" ind1=" " ind2=" ">
    <subfield code="a">DLC</subfield>
    <subfield code="b">eng</subfield>
    <subfield code="c">DLC</subfield>
    <subfield code="d">DLC</subfield>
    <subfield code="d">OCoLC</subfield>
  </datafield>
  <datafield tag="110" ind1="2" ind2=" ">
    <subfield code="a">Whico Map &amp; Publishing Company</subfield>
  </datafield>
  <datafield tag="410" ind1="2" ind2=" ">
    <subfield code="w">nnaa</subfield>
    <subfield code="a">Whico Map &amp; Publishing Company, Houston, Tex.</subfield>
  </datafield>
  <datafield tag="410" ind1="2" ind2=" ">
    <subfield code="a">Whico Map and Publishing Company</subfield>
  </datafield>
  <datafield tag="510" ind1="2" ind2=" ">
    <subfield code="w">b</subfield>
    <subfield code="a">Whico Atlas Company</subfield>
  </datafield>
  <datafield tag="670" ind1=" " ind2=" ">
    <subfield code="a">Its South Texas and Texas gulf coast ... 1960.</subfield>
  </datafield>
</record>